% Roger, K.L. (1977) Airplane math modelling and active aeroelastic control design. Advisory Group for Aerospace Research and Development AGARD-CP-228, pp. 4.1–4.11, NATO (North Atlantic Treaty Organization), Brussels.
@misc{art:RogerRFA1977,
    author = {Roger, K. L.},
    publisher = {Advisory Group for Aerospace Research and Development AGARD-CP-228, pp. 4.1–4.11},
    publisher={Advisory Group for Aerospace Research and Development},
    Org-Shor = {NATO (North Atlantic Treaty Organization)},
    title = {Airplane math modelling and active aeroelastic control design},
    volume={228},
    number={4},
    pages={1-11},
    Year = {1977},
    address = {Brussels},
    publisher={NATO (North Atlantic Treaty Organization)}
}


% Franklin Gene F et al. Digital Control of Dynamic Systems. 2nd ed 2nd ed. Addison-Wesley 1990.
@book{book:Franklin,
  title={Digital Control of Dynamic Systems},
  author={Franklin, G. F. and Powell, J. D. and Workman, M. L.},
  year={1990},
  address={Reading, MA},
  publisher={Addison-Wesley Publishing Company}
}


% Wright & Cooper Introduction to Aircraft Aeroelasticity and Loads
@book{book:Wright-Cooper,
  title={Introduction to Aircraft Aeroelasticity and Loads},
  author={Wright, J. R and Cooper, J. E.},
  series={Aerospace Series (PEP)},
  year={2008},
  address={Chichester, UK},
  publisher={John Wiley \& Sons}
}


% Fung Y. C. An Introduction to the Theory of Aeroelasticity. Wiley 1955.
@book{book:Fung,
  title={An Introduction to the Theory of Aeroelasticity},
  author={Fung, Y. C.},
  series={Galcit aeronautical series},
  year = {1955},
  address={Dover, New York},
  publisher={Dover Publications}
}


@book{book:Bisplinghoff,
  title={Aeroelasticity},
  author={Bisplinghoff, R. L. and Ashley, H. and Halfman, R. L.},
  year={1969},
  series={Dover Books on Aeronautical Engineering},
  address={Dover, New York},
  publisher={Dover Publications}
}

% Sherwood H. Tiffany and William M. Adams Jr., NASA Technical Paper 2776 - Nonlinear Programming Extensions to Rational Function Approximation Methods for Unsteady Aerodynamic Forces
@misc{art:NASA2776, 
    author = {Tiffany, S. H. and Adams Jr., W. M.},
    publisher = {NASA, Langley Research Center},
    Org-Shor = {NASA},
    title = {NASA Technical Paper 2776},
    subtitle={Nonlinear Programming Extensions to Rational Function Approximation Methods for Unsteady Aerodynamic Forces},
    address={Hampton, VA},
    year = {1988}
}

% Irving Abel, NASA Technical Paper 1367 - An Analytical Technique for Predicting the Characteristics of a Flexible Wing Equipped With an Active Flutter-Suppression System and Comparison With Wind-Tunnel
@misc{art:NASA1367,
    author = {I. Abel},
    title = {NASA Technical Paper 1367},
    subtitle = {An Analytical Technique for Predicting the Characteristics of a Flexible Wing Equipped With an Active Flutter-Suppression System and Comparison With Wind-Tunnel},
    publisher = {NASA, Langley Research Center},
    Org-Shor = {NASA},
    address={Hampton, VA},
    year = {1979}
}


@misc{art:Huang-2015,
  title={Design of active flutter suppression and wind-tunnel tests of a wing model involving a control delay},
  author={R. Huang and W. Qian and H. Hu and Y. Zhao},
  publisher={Journal of Fluids and Structures},
  volume={55},
  pages={409-427},
  address={Nanjing, People׳s Republic of China},
  year={2015}
}

% Collar,  A.  R.  (1978).  "The  first  fifty  years  of aeroelasticity". Aerospace. vol. 5, no. 2, pp. 12–20, 1978
@misc{art:Collar-1978,
  title={The first fifty years of aeroelasticity},
  author={A. R. Collar},
  publisher={Royal Aeronautical Society Historical Group},
  volume={4},
  number={2},
  pages={12–20},
  year={1978}
}

@misc{art:Garrick&Reed-1981,
  title={Historical development of aircraft flutter},
  author={Garrick, I. E. and Reed, W. H.},
  publisher={Journal of Aircraft},
  volume={18},
  number={11},
  pages={897-912},
  address={Hampton, VA},
  year={1981}
}

@misc{art:Sun-2014,
  title={Time-Domain Aeroservoelastic Modeling and Active Flutter Suppression by Model Predictive Control},
  author={Sun, Z. and Bai, J.},
  publisher={Advanced Materials Research},
  volume={898},
  pages={688-695},
  year={2014},
  address={Switzerland}
}

@misc{art:Haley-1997,
  title={Generalized Predictive Control for Active Flutter Suppression},
  author={Haley, P. and Soloway, D.},
  publisher={IEEE Control Systems Magazine},
  volume={17},
  pages={64-70},
  address={New York},
  year={1997}
}

@misc{art:Livne-1999,
  title={Integrated Aeroservoelastic Optimization: Status and Direction},
  author={E. Livne},
  publisher={Journal of Aircraft},
  volume={36},
  number={1},
  pages={122-145},
  address={Seattle, WA},
  year={1999}
}

@misc{art:Livne-2003,
  title={Future of Airplane Aeroelasticity},
  author={E. Livne},
  publisher={Journal of Aircraft},
  volume={40},
  number={6},
  pages={1006-1092},
  address={Seattle, WA},
  year={2003}
}

@misc{art:Livne-2018  ,
  title={Aircraft Active Flutter Suppression: State of the Art and Technology Maturation Needs},
  author={E. Livne},
  publisher={Journal of Aircraft},
  volume={55},
  number={1},
  pages={410-450},
  address={Seattle, WA},
  year={2018}
}

@misc{art:Le-2015,
  author = {Le, T. T. N. and Nguyen, C. C. and Hoang, N. V.},
  year = {2015},
  month = {01},
  pages = {35-40},
  title = {Design of Aeroelasticity Bench test for NACA0012 Wing Model in the Low Speed Wind Tunnel: Influence of Wing’s Parameters on Flutter Speed},
  volume = {3},
  publisher = {International Journal of Mechanical Engineering and Applications},
  doi = {10.11648/j.ijmea.s.2015030103.16}
}

@misc{art:Billah-1990,
  author = {K. Y. Billah and R. H. Scanlan},
  year = {1990},
  month = {06},
  pages = {118–124},
  title = {Resonance, Tacoma Narrows bridge failure, and undergraduate physics textbooks},
  volume = {59},
  publisher = {American Journal of Physics}
}

% B.D.O.  Anderson,  "The  inverse problem  of  optimal control", Stanford  Electronics Laboratories,  Stanford,  CA,  Tech.  Rep. SEL-66-038 (T. R. no.6560-3), Apr. 1966.
@misc{art:Anderson-1966,
  title={The inverse problem  of  optimal control},
  author={B. D. O. Anderson},
  publisher = {Stanford  Electronics Laboratories},
  year={1966},
  address={Stanford, CA}
}

% B. D. O. Anderson  and  J.  B.  Moore,  Linear  Optimal  Control. Englewood Cliffs, NJ: Prentice-Hall, 1971.
@misc{book:Anderson-1971,
  title={Linear  Optimal  Control},
  author={B. D. O. Anderson and J. B. Moore},
  year={1971},
  publisher={Prentice-Hall},
  address={Englewood Cliffs, NJ}
}

@manual{CFR-Part25,
 	Address = {Scottsdale},
 	Org-Short = {FAA},
 	Organization = {Federal Aviation Administration, Department of Transportation},
 	Title = {14 C.F.R},
 	Subtitle = {Part 25	Airworthiness Standards: Transport Category Airplanes},
 	Year = 2022}

@manual{CFR-Part23,
 	Address = {Scottsdale},
 	Org-Short = {FAA},
 	Organization = {Federal Aviation Administration, Department of Transportation},
 	Title = {14 C.F.R},
 	Subtitle = {Part 23 Airworthiness Standards: Normal, Utility, Acrobatic, and Commuter Category Airplanes},
 	Year = 2022}

@manual{ZAERO-Theoretical-Manual:2017,
 	Address = {Scottsdale},
 	Org-Short = {{ZONA TECHNOLOGY INC}},
 	Organization = {ZONA TECHNOLOGY INC},
 	Title = {ZAERO Theoretical Manual},
 	Year = 2017}

% =======================================================
% =======================================================

% @manual{NBR10520:2002,
% 	Address = {Rio de Janeiro},
% 	Org-Short = {{Associação Brasileira de Normas Técnicas}},
% 	Organization = {Associação Brasileira de Normas Técnicas},
% 	Subtitle = {informação e documentação: citações
% 	em documentos --- Apresentação},
% 	Title = {{NBR} 10520},
% 	Year = 2002}

% @manual{NBR6023:2002,
% 	Address = {Rio de Janeiro},
% 	Org-Short = {{Associação Brasileira de Normas Técnicas}},
% 	Organization = {Associação Brasileira de Normas Técnicas},
% 	Subtitle = {informação e documentação: referências: apresentação},
% 	Title = {{NBR} 6023},
% 	Year = 2002}
	
	

% @manual{NBR6024:2012,
% 	Address = {Rio de Janeiro},
% 	Org-Short = {{Associação Brasileira de Normas Técnicas}},
% 	Organization = {Associação Brasileira de Normas Técnicas},
% 	Subtitle = {informação e documentação: numeração progressiva das seções de um documento escrito: apresentação},
% 	Title = {{NBR} 6024},
% 	Year = 2012}

% @manual{NBR6027:2012,
% 	Address = {Rio de Janeiro},
% 	Org-Short = {{Associação Brasileira de Normas Técnicas}},
% 	Organization = {Associação Brasileira de Normas Técnicas},
% 	Subtitle = {informação e documentação: sumário: apresentação},
% 	Title = {{NBR} 6027},
% 	Year = 2012}

% @manual{NBR6028:2003,
% 	Address = {Rio de Janeiro},
% 	Org-Short = {{Associação Brasileira de Normas Técnicas}},
% 	Organization = {Associação Brasileira de Normas Técnicas},
% 	Subtitle = {informação e documentação: resumo: apresentação},
% 	Title = {{NBR} 6028},
% 	Year = 2003}

% @manual{NBR14724:2011,
% 	Address = {Rio de Janeiro},
% 	Org-Short = {{Associação Brasileira de Normas Técnicas}},
% 	Organization = {Associação Brasileira de Normas Técnicas},
% 	Subtitle = {informação e documentação: trabalhos acadêmicos: apresentação},
% 	Title = {{NBR} 14724},
% 	Year = 2011}

% @book{ibge1993,
% 	Address = {Rio de Janeiro},
% 	Author = {{Instituto Brasileiro de Geografia e Estatística}},
% 	Edition = {3},
% 	Org-Short = {{Instituto Brasileiro de Geografia e Estatística}},
% 	Organization = {Fundação Instituto Brasileiro de Geografia e Estatística},
% 	Publisher = {Centro de Documentação e Disseminação de Informações},
% 	Title = {Normas de apresentação tabular},
% 	Url = {http://biblioteca.ibge.gov.br/visualizacao/livros/liv23907.pdf},
% 	urldate = {2019-08-16},
% 	pages = 62,
% 	Year = {1993}}

% @book{ibge2016,
% 	Address = {Rio de Janeiro},
% 	Author = {{Instituto Brasileiro de Geografia e Estatística}},
% 	Edition = {2},
% 	Org-Short = {{Instituto Brasileiro de Geografia e Estatística}},
% 	Organization = {Instituto Brasileiro de Geografia e Estatística},
% 	Publisher = {Centro de Documentação e Disseminação de Informações},
% 	Title = {Arranjos populacionais e concentrações urbanas no Brasil},
% 	Url = {https://biblioteca.ibge.gov.br/visualizacao/livros/liv99700.pdf},
% 	urldate = {2019-08-16},
% 	pages = 167,
% 	Year={2016}}

% @manual{abntex2classe,
% 	Author = {Lauro César Araujo},
% 	Organization = {Equipe abnTeX2},
% 	Title = {A classe abntex2},
% 	Subtitle = {Modelo canônico de trabalhos acadêmicos brasileiros compatível com as normas ABNT NBR 14724:2011, ABNT NBR 6024:2012 e outras},
% 	Url = {http://www.abntex.net.br/},
% 	urldate = {2019-08-16},
% 	Year = {2015}}
